@article{survey-MDP-Apps,
 ISSN = {01605682, 14769360},
 author = {D. J. White},
 journal = {The Journal of the Operational Research Society},
 number = {11},
 pages = {1073--1096},
 publisher = {Palgrave Macmillan Journals},
 title = {A Survey of Applications of Markov Decision Processes},
 volume = {44},
 year = {1993}
}

@thesis{ths:RodZ,
	title = {El misterioso caso de los modelos por compartimientos: procesos de Markov, 
		  ecuaciones maestras y un programa para su estimación},
	year = {2016},
	institution = {Instituto Tecnológico de México (ITAM)},
	location = {Ciudad de México},
	author = {Zepeda Tello, Rodrigo},
	pages = {163},
}

@thesis{ths:DelgadoM,
	title = {Diseño de procesos de decisión de Markov parcialmente observables para 
		  conducción autónoma},
	year = {2018},
	institution = {Instituto Tecnológico de México (ITAM)},
	location = {Ciudad de México},
	author = {Delgado Meraz, Jorge Alfredo},
	pages = {69},
}

@book{SuttonBarto,
  title={Reinforcement learning: An introduction},
  author={Sutton, Richard S and Barto, Andrew G},
  year={2020},
  publisher={MIT press},
  series={Adaptive Computation and Machine Learning},
  edition={2},
  isbn={9780262039246},
}

@Misc{silver2015,
	author = {David Silver},
	title = {Lectures on Reinforcement Learning},
	howpublished = {\textsc{url:}~\url
{https://www.davidsilver.uk/teaching/}},
	year = {2015}
}

@misc{silver2017mastering,
      title={Mastering Chess and Shogi by Self-Play with a General Reinforcement Learning Algorithm}, 
      author={David Silver and Thomas Hubert and Julian Schrittwieser and Ioannis Antonoglou and Matthew Lai and Arthur Guez and Marc Lanctot and Laurent Sifre and Dharshan Kumaran and Thore Graepel and Timothy Lillicrap and Karen Simonyan and Demis Hassabis},
      year={2017},
      eprint={1712.01815},
      archivePrefix={arXiv},
      primaryClass={cs.AI}
}

@article{silverchess,
author = {David Silver  and Thomas Hubert  and Julian Schrittwieser  and Ioannis Antonoglou  and Matthew Lai  and Arthur Guez  and Marc Lanctot  and Laurent Sifre  and Dharshan Kumaran  and Thore Graepel  and Timothy Lillicrap  and Karen Simonyan  and Demis Hassabis },
title = {A general reinforcement learning algorithm that masters chess, shogi, and Go through self-play},
journal = {Science},
volume = {362},
number = {6419},
pages = {1140-1144},
year = {2018},
doi = {10.1126/science.aar6404},
URL = {https://www.science.org/doi/abs/10.1126/science.aar6404},
}
